<collection xmlns='http://www.loc.gov/MARC21/slim' xmlns:xsi='http://www.w3.org/2001/XMLSchema-instance' xsi:schemaLocation='http://www.loc.gov/standards/marcxml/schema/MARC21slim.xsd'>
  <record xmlns="http://www.loc.gov/MARC21/slim">
    <leader>00000ctm a2200000Ma 4500</leader>
    <controlfield tag="001">on1137193340</controlfield>
    <controlfield tag="008">170620s1765    ua aa         000 0 ara d</controlfield>
    <datafield tag="040" ind1=" " ind2=" ">
      <subfield code="a">TEU</subfield>
      <subfield code="b">eng</subfield>
      <subfield code="e">dcrmmss</subfield>
      <subfield code="c">TEU</subfield>
      <subfield code="d">OCLCO</subfield>
      <subfield code="d">OCLCF</subfield>
      <subfield code="d">TEU</subfield>
    </datafield>
    <datafield tag="035" ind1=" " ind2=" ">
      <subfield code="a">(TEU)991031795839703811</subfield>
    </datafield>
    <datafield tag="049" ind1=" " ind2=" ">
      <subfield code="a">TEUU</subfield>
    </datafield>
	    <datafield tag="099" ind1=" " ind2=" ">
      <subfield code="a">SCRC 441</subfield>
    </datafield>
    <datafield tag="100" ind1="1" ind2=" ">
      <subfield code="6">880-01</subfield>
      <subfield code="a">Jazūlī, Muḥammad ibn Sulaymān,</subfield>
      <subfield code="d">1404-1465,</subfield>
      <subfield code="e">author.</subfield>
    </datafield>
    <datafield tag="240" ind1="1" ind2="0">
      <subfield code="6">880-02</subfield>
      <subfield code="a">Dalāʼil al-khayrāt</subfield>
    </datafield>
    <datafield tag="245" ind1="1" ind2="0">
      <subfield code="6">880-03</subfield>
      <subfield code="a">Dalāʼil al-khayrāt wa shawāriq al-anwār fī dhikr al-ṣalāh ʻalá al-nabī al-mukhtār :</subfield>
      <subfield code="k">manuscript.</subfield>
    </datafield>
    <datafield tag="264" ind1=" " ind2="0">
      <subfield code="a">[Egypt?]</subfield>
      <subfield code="c">[1765]</subfield>
    </datafield>
    <datafield tag="300" ind1=" " ind2=" ">
      <subfield code="a">103 leaves :</subfield>
      <subfield code="b">paper, illustrations ;</subfield>
      <subfield code="c">211 x 146 mm, bound to 211 x 147 mm.</subfield>
    </datafield>
    <datafield tag="336" ind1=" " ind2=" ">
      <subfield code="a">text</subfield>
      <subfield code="b">txt</subfield>
      <subfield code="2">rdacontent</subfield>
    </datafield>
    <datafield tag="337" ind1=" " ind2=" ">
      <subfield code="a">unmediated</subfield>
      <subfield code="b">n</subfield>
      <subfield code="2">rdamedia</subfield>
    </datafield>
    <datafield tag="338" ind1=" " ind2=" ">
      <subfield code="a">volume</subfield>
      <subfield code="b">nc</subfield>
      <subfield code="2">rdacarrier</subfield>
    </datafield>
    <datafield tag="340" ind1=" " ind2=" ">
      <subfield code="d">manuscript.</subfield>
    </datafield>
    <datafield tag="500" ind1=" " ind2=" ">
      <subfield code="a">Foliation: Unfoliated, catchwords every verso, lower left.</subfield>
    </datafield>
    <datafield tag="500" ind1=" " ind2=" ">
      <subfield code="a">Layout: 9 long lines; frame-ruled. 9 leaves of prayer tables (f. 12r-16r).</subfield>
    </datafield>
    <datafield tag="500" ind1=" " ind2=" ">
      <subfield code="a">Collation: Paper, 103. Catchwords on each leaf, lower left verso.</subfield>
    </datafield>
    <datafield tag="500" ind1=" " ind2=" ">
      <subfield code="a">Script: Written in naskh in black ink; pointed.</subfield>
    </datafield>
    <datafield tag="500" ind1=" " ind2=" ">
      <subfield code="a">Decoration: Gold and polychrome illuminated headpieces (f. 1v, 17v, and 18v). Border-rules and page-frame ruled in gold. Rubrications in red. Two full page illustrations in gold, red, and green of the Prophet Muhammad's mosque (f. 16v) and tomb (f. 17r).</subfield>
    </datafield>
    <datafield tag="500" ind1=" " ind2=" ">
      <subfield code="a">Origin: Copy completed in Rabīʻ al-Awwal 1179 A.H. (1765 CE) by ʻUthmān ibn ʻAlī ibn ʻAbd al-Raḥīm al-shahīr bi-al-Libqī (f. [103]v)</subfield>
    </datafield>
    <datafield tag="506" ind1="0" ind2=" ">
      <subfield code="a">Open for research.</subfield>
    </datafield>
    <datafield tag="506" ind1="1" ind2=" ">
      <subfield code="a">This manuscript may be housed off-site at the Library Depository, and require up to 48 hours to retrieve. Please contact the Special Collections Research Center in advance of your visit, so that materials may be relocated to the reading room for research.</subfield>
    </datafield>
    <datafield tag="520" ind1="2" ind2=" ">
      <subfield code="a">Manuscript copy of al-Jazūlī's famous collection of prayers and devotions to the Prophet Muḥammad. This copy includes three frontispieces in gold and colors, two painted miniatures, and nine leaves of prayer tables.</subfield>
    </datafield>
    <datafield tag="541" ind1="1" ind2=" ">
      <subfield code="a">Librarie Ancienne des Trois Islets ;</subfield>
      <subfield code="c">Purchase ;</subfield>
      <subfield code="d">2015.</subfield>
    </datafield>
    <datafield tag="524" ind1="8" ind2=" ">
      <subfield code="a">Jazūlī, Muḥammad ibn Sulaymān. Dalāʼil al-khayrāt, SCRC 441, Special Collections Research Center, Temple University Libraries, Philadelphia, Pennsylvania.</subfield>
    </datafield>
    <datafield tag="540" ind1=" " ind2=" ">
      <subfield code="a">The Dalāʼil al-khayrāt is the physical property of the Special Collections Research Center, Temple University Libraries. The work is in the public domain. Please include a complete citation in your work.</subfield>
    </datafield>
    <datafield tag="545" ind1=" " ind2=" ">
      <subfield code="a">Muḥammad ibn Sulaymān al-Jazūlī, a Moroccan Sufi and Islamic scholar who died in 1465, was best known for compiling the Dalāʼil al-khayrāt.</subfield>
    </datafield>
    <datafield tag="546" ind1=" " ind2=" ">
      <subfield code="a">Materials in Arabic.</subfield>
    </datafield>
    <datafield tag="563" ind1=" " ind2=" ">
      <subfield code="a">Dark brown leather binding with medallions.</subfield>
    </datafield>
    <datafield tag="580" ind1=" " ind2=" ">
      <subfield code="a">Forms part of the Individual Manuscripts and Small Collections.</subfield>
    </datafield>
    <datafield tag="600" ind1="0" ind2="0">
      <subfield code="a">Muḥammad,</subfield>
      <subfield code="c">Prophet,</subfield>
      <subfield code="d">-632</subfield>
      <subfield code="v">Prayers and devotions.</subfield>
    </datafield>
    <datafield tag="650" ind1=" " ind2="0">
      <subfield code="a">Manuscripts, Arabic</subfield>
      <subfield code="y">18th century.</subfield>
    </datafield>
    <datafield tag="650" ind1=" " ind2="0">
      <subfield code="a">Islam</subfield>
      <subfield code="v">Prayers and devotions</subfield>
      <subfield code="x">Arabic.</subfield>
    </datafield>
    <datafield tag="655" ind1=" " ind2="7">
      <subfield code="a">Prayers (literary works)</subfield>
      <subfield code="2">aat</subfield>
    </datafield>
    <datafield tag="655" ind1=" " ind2="7">
      <subfield code="a">Manuscripts (documents)</subfield>
      <subfield code="2">aat</subfield>
    </datafield>
    <datafield tag="655" ind1=" " ind2="7">
      <subfield code="a">Miniatures (paintings)</subfield>
      <subfield code="2">aat</subfield>
    </datafield>
    <datafield tag="700" ind1="1" ind2=" ">
      <subfield code="6">880-04</subfield>
      <subfield code="a">Libqī, ʻUthmān ibn ʻAlī</subfield>
      <subfield code="d">active 1765,</subfield>
      <subfield code="e">scribe.</subfield>
    </datafield>
    <datafield tag="773" ind1="0" ind2="8">
      <subfield code="t">Individual Manuscripts and Small Collections</subfield>
    </datafield>
    <datafield tag="852" ind1=" " ind2=" ">
      <subfield code="e">Philadelphia, United States,</subfield>
      <subfield code="a">Temple University Libraries,</subfield>
      <subfield code="b">Special Collections Research Center</subfield>
      <subfield code="u">https://librarysearch.temple.edu/catalog/991031795839703811</subfield>
    </datafield>
    <datafield tag="856" ind1="4" ind2="1">
      <subfield code="z">Digital facsimile in OPenn</subfield>
      <subfield code="u">https://openn.library.upenn.edu/Data/0030/html/SCRC_441.html</subfield>
    </datafield>
    <datafield tag="880" ind1="1" ind2=" ">
      <subfield code="6">100-01/(3/r</subfield>
      <subfield code="a">.جزولي، محمد بن سليمان، 1404-1465</subfield>
    </datafield>
    <datafield tag="880" ind1="1" ind2="0">
      <subfield code="6">240-02/(3/r</subfield>
      <subfield code="a">دلائل الخيرات.</subfield>
    </datafield>
    <datafield tag="880" ind1="1" ind2="0">
      <subfield code="6">245-03/(3/r</subfield>
      <subfield code="a">دلائل الخيرات و شوارق الانوار في ذكر الصلاة على النبي المختار.</subfield>
    </datafield>
    <datafield tag="880" ind1="1" ind2=" ">
      <subfield code="6">700-04/(3/r</subfield>
      <subfield code="a">لبقي، عثمان بن علي</subfield>
      <subfield code="d">active 1765،</subfield>
      <subfield code="e">scribe.</subfield>
    </datafield>
    <datafield tag="066" ind1=" " ind2=" ">
      <subfield code="c">(3</subfield>
    </datafield>
  </record></collection>